@ARTICLE{Figueredo:2009dg,
   author = {Figueredo, A.~J. and Wolf, P. S.~A.},
   title = {Assortative pairing and life history strategy - a cross-cultural study.},
   journal = {Human Nature},
   volume = {20},
   pages = {317-330},
   year = {2009}
}

@inproceedings{thomsen2009pygrametl,
  title={pygrametl: A powerful programming framework for extract-transform-load programmers},
  author={Thomsen, Christian and Bach Pedersen, Torben},
  booktitle={Proceedings of the ACM twelfth international workshop on Data warehousing and OLAP},
  pages={49--56},
  year={2009},
  organization={ACM}
}

@misc{element61,
    author = {Davy Knuysen},
    title = {Automate your ETL testing and deliver quicker and better results},
    howpublished = {Internet},
    url = {http://www.element61.be/e/resourc-detail.asp?ResourceId=805}
}