%ARTICLE{Figueredo:2009dg,
%   author = {Figueredo, A.~J. and Wolf, P. S.~A.},
%   title = {Assortative pairing and life history strategy - a cross-cultural study.},
%   journal = {Human Nature},
%   volume = {20},
%   pages = {317-330},
%   year = {2009}
%}

%----------------------------------------------------------------------------------------
%	HOMEPAGES
%----------------------------------------------------------------------------------------

@Misc{WikiDT,
  Title                    = {Database Testing},
  Author                   = {Wikipedia},
  Url                      = {https://en.wikipedia.org/wiki/Database_testing}
}

@Misc{WikiACID,
  Title                    = {ACID},
  Author                   = {Wikipedia},
  Url                      = {https://en.wikipedia.org/wiki/ACID}
}

@Misc{ACID,
  Title                    = {ACID Properties},
  Author                   = {Douglas K Barry},
  Url                      = {http://www.service-architecture.com/articles/database/acid_properties.html}
}

@Misc{DT,
  Title                    = {Database Testing: How to Regression Test a Relational Database},
  Author                   = {Ambysoft Inc.},
  Url                      = {http://www.agiledata.org/essays/databaseTesting.html}
}

@Misc{allAboutDT,
  Title                    = {All About Database Testing â€“ Why to Test, How to Test, and What to Test?},
  Author                   = {Vijay},
  Url                      = {http://www.softwaretestinghelp.com/database-testing-process/}
}

@Misc{whiteBoxT,
  Title                    = {White Box Testing},
  Author                   = {STF},
  Url                      = {http://softwaretestingfundamentals.com/white-box-testing/}
}

@Misc{blackBoxT,
  Title                    = {Black Box Testing},
  Author                   = {STF},
  Url                      = {http://softwaretestingfundamentals.com/black-box-testing/}
}



