@article{example,
	title = {Example Title},
	author = {Example Author}

}
